%---------------------------------------------------------------------------%
%-                                                                         -%
%-                             Bibliography                                -%
%-                                                                         -%
%---------------------------------------------------------------------------%
@inproceedings{Huang2013LearningDS,
  title={Learning deep structured semantic models for web search using clickthrough data},
  author={Po-Sen Huang and Xiaodong He and Jianfeng Gao and Li Deng and Alex Acero and Larry P. Heck},
  booktitle={CIKM},
  year={2013}
}
@inproceedings{Shen2014ALS,
  title={A Latent Semantic Model with Convolutional-Pooling Structure for Information Retrieval},
  author={Yelong Shen and Xiaodong He and Jianfeng Gao and Li Deng and Gr{\'e}goire Mesnil},
  booktitle={CIKM},
  year={2014}
}
@book{website:Hellinger,
  title={https://en.wikipedia.org/wiki/Hellinger\_distance},
  author={Wikibook},
  year={2017},
  publisher={On-line Resources}
}
@book{website:Shannondivergence,
  title="{https://en.wikipedia.org/wiki/Jensenâ€“Shannon\_divergence}",
  author={Wikibook},
  year={2017},
  publisher={On-line Resources}
}
@article{Palangi2014SemanticMW,
  title={Semantic Modelling with Long-Short-Term Memory for Information Retrieval},
  author={Hamid Palangi and Li Deng and Yelong Shen and Jianfeng Gao and Xiaodong He and Jianshu Chen and Xinying Song and Rabab Kreidieh Ward},
  journal={CoRR},
  year={2014},
  volume={abs/1412.6629}
}

@inproceedings{Pang2016TextMA,
  title={Text Matching as Image Recognition},
  author={Liang Pang and Yanyan Lan and Jiafeng Guo and Jun Xu and Shengxian Wan and Xueqi Cheng},
  booktitle={AAAI},
  year={2016}
}

@inproceedings{Sutton1998ReinforcementL,
  title={Reinforcement learning - an introduction},
  author={Richard S. Sutton and Andrew G. Barto},
  booktitle={Adaptive computation and machine learning},
  year={1998}
}
@article{Mnih2013PlayingAW,
  title={Playing Atari with Deep Reinforcement Learning},
  author={Volodymyr Mnih and Koray Kavukcuoglu and David Silver and Alex Graves and Ioannis Antonoglou and Daan Wierstra and Martin A. Riedmiller},
  journal={CoRR},
  year={2013},
  volume={abs/1312.5602}
}
@article{Mnih2015HumanlevelCT,
  title={Human-level control through deep reinforcement learning},
  author={Volodymyr Mnih and Koray Kavukcuoglu and David Silver and Andrei A. Rusu and Joel Veness and Marc G. Bellemare and Alex Graves and Martin A. Riedmiller and Andreas Fidjeland and Georg Ostrovski and Stig Petersen and Charles Beattie and Amir Sadik and Ioannis Antonoglou and Helen King and Dharshan Kumaran and Daan Wierstra and Shane Legg and Demis Hassabis},
  journal={Nature},
  year={2015},
  volume={518 7540},
  pages={529-33}
}
@article{Silver2016MasteringTG,
  title={Mastering the game of Go with deep neural networks and tree search},
  author={David Silver and Aja Huang and Chris J. Maddison and Arthur Guez and Laurent Sifre and George van den Driessche and Julian Schrittwieser and Ioannis Antonoglou and Vedavyas Panneershelvam and Marc Lanctot and Sander Dieleman and Dominik Grewe and John Nham and Nal Kalchbrenner and Ilya Sutskever and Timothy P. Lillicrap and Madeleine Leach and Koray Kavukcuoglu and Thore Graepel and Demis Hassabis},
  journal={Nature},
  year={2016},
  volume={529 7587},
  pages={484-9}
}
@article{Silver2017MasteringTG,
  title={Mastering the game of Go without human knowledge.},
  author={David Silver and Julian Schrittwieser and Karen Simonyan and Ioannis Antonoglou and Aja Huang and Arthur Guez and Thomas Hubert and Lucas R Baker and Matthew Lai and Adrian Bolton and Yutian Chen and Timothy P. Lillicrap and Fan Xin Hui and Laurent Sifre and George van den Driessche and Thore Graepel and Demis Hassabis},
  journal={Nature},
  year={2017},
  volume={550 7676},
  pages={354-359}
}
@book{website:edit_dis,
  title={https://en.wikipedia.org/wiki/Edit\_distance},
  author={Wikibook},
  year={2017},
  publisher={On-line Resources}
}
@inproceedings{Coulom2006EfficientSA,
  title={Efficient Selectivity and Backup Operators in Monte-Carlo Tree Search},
  author={R{\'e}mi Coulom},
  booktitle={Computers and Games},
  year={2006}
}
@inproceedings{Kocsis2006BanditBM,
  title={Bandit Based Monte-Carlo Planning},
  author={Levente Kocsis and Csaba Szepesv{\'a}ri},
  booktitle={ECML},
  year={2006}
}
@article{Auer2002FinitetimeAO,
  title={Finite-time Analysis of the Multiarmed Bandit Problem},
  author={Peter Auer and Nicol{\`o} Cesa-Bianchi and Paul Fischer},
  journal={Machine Learning},
  year={2002},
  volume={47},
  pages={235-256}
}
@inproceedings{Lorentz2008AmazonsDM,
  title={Amazons Discover Monte-Carlo},
  author={Richard J. Lorentz},
  booktitle={Computers and Games},
  year={2008}
}
@article{Enzenberger2010FuegoA,
  title={Fuego - An Open-Source Framework for Board Games and Go Engine Based on Monte Carlo Tree Search},
  author={Markus Enzenberger and Martin Mueller and Broderick Arneson and R. Segal},
  journal={IEEE Trans. Comput. Intellig. and AI in Games},
  year={2010},
  volume={2},
  pages={259-270}
}
@inproceedings{Buro2009ImprovingSE,
  title={Improving State Evaluation, Inference, and Search in Trick-Based Card Games},
  author={Michael Buro and Jeffrey Richard Long and Timothy Furtak and Nathan R. Sturtevant},
  booktitle={IJCAI},
  year={2009}
}

@inproceedings{Wan2016MatchSRNNMT,
  title={Match-SRNN: Modeling the Recursive Matching Structure with Spatial RNN},
  author={Shengxian Wan and Yanyan Lan and Jun Xu and Jiafeng Guo and Liang Pang and Xueqi Cheng},
  booktitle={IJCAI},
  year={2016}
}

@inproceedings{Abadi2016TensorFlowAS,
  title={TensorFlow: A System for Large-Scale Machine Learning},
  author={Mart{\'i}n Abadi and Paul Barham and Jianmin Chen and Zhifeng Chen and Andy Davis and Jeffrey Dean and Matthieu Devin and Sanjay Ghemawat and Geoffrey Irving and Michael Isard and Manjunath Kudlur and Josh Levenberg and Rajat Monga and Sherry Moore and Derek Gordon Murray and Benoit Steiner and Paul A. Tucker and Vijay Vasudevan and Pete Warden and Martin Wicke and Yuan Yu and Xiaoqiang Zheng},
  booktitle={OSDI},
  year={2016}
}
%---------------------------------------------------------------------------%
